@Article{吕喜在2011,
  author  = {吕喜在 and 黄芝平 and 苏绍璟},
  journal = {西安电子科技大学学报},
  title   = {BCH码生成多项式快速识别方法},
  year    = {2011},
  issn    = {1001-2400},
  number  = {06},
  pages   = {159-162+172},
  volume  = {38},
}

@Book{王新梅2001,
  author    = {王新梅 and 肖国镇},
  publisher = {西安电子科技大学出版社},
  title     = {纠错码,原理与方法.修订版},
  year      = {2001},
}

@Book{陈鲁生2005,
  author    = {陈鲁生 and 沈世镒},
  publisher = {高等教育出版社},
  title     = {编码理论基础},
  year      = {2005},
}

@Article{荆坤坤2023,
  author  = {荆坤坤 and 汪丹丹 and 朱倩 and 纪启国 and 陈芳},
  journal = {现代信息科技},
  title   = {BCH码在物联网存储系统中的应用研究},
  year    = {2023},
  issn    = {2096-4706},
  number  = {02},
  pages   = {164-166},
  volume  = {7},
  doi     = {10.19850/j.cnki.2096-4706.2023.02.041},
}

@Article{李锦2022,
  author  = {李锦 and 高楠 and 黄山},
  journal = {电子学报},
  title   = {两类厄米特对偶包含的BCH码及其应用},
  year    = {2022},
  issn    = {0372-2112},
  number  = {11},
  pages   = {2773-2777},
  volume  = {50},
}

@Masterthesis{1016244662,
  author = {王法印},
  pages  = {19},
  school = {江西理工大学},
  title  = {BCH码在并行钱式搜索结构和数字水印中的应用研究},
  year   = {2017},
}

@Misc{CSDN2022,
  author = {CSDN},
  title  = {汽车程序猿. 一篇文章让你读懂-曼彻斯特编码},
  year   = {2022},
  type   = {Electronic Article},
  url    = {https://blog.csdn.net/IT_luosong/article/details/125573506},
}

@Misc{百度百科2021,
  author = {百度百科},
  title  = {曼彻斯特编码},
  year   = {2021},
  type   = {Electronic Article},
  url    = {https://baike.baidu.com/item/%E6%9B%BC%E5%BD%BB%E6%96%AF%E7%89%B9%E7%BC%96%E7%A0%81/8902319#reference-5},
}

@Book{Goldsmith_2005,
  author    = {Goldsmith, Andrea},
  publisher = {Cambridge University Press},
  title     = {Wireless Communications},
  year      = {2005},
  place     = {Cambridge},
}

@Conference{杨碧水2013,
  author    = {杨碧水 and 梁浩森 and 杜庆洋 and 刘传勇 and 郭晓丹 and 钱军},
  booktitle = {2013第一届中国指挥控制大会论文集},
  title     = {Viterbi软判决译码的改进方法及应用},
  year      = {2013},
  pages     = {2-7},
}

@Misc{ZHIHU2021,
  author = {陈},
  title  = {请大牛们帮忙解释一下什么是hard decision and soft decision(硬软判决)?},
  year   = {2021},
  type   = {Electronic Article},
  url    = {https://www.zhihu.com/question/22019466/answer/1967818641},
}

@Comment{jabref-meta: databaseType:bibtex;}
